<record><leader>00000cas a22000007a 4500</leader><controlfield tag="001">9470876</controlfield><controlfield tag="008">830502d19131931mauwr ne      0    0por d</controlfield><datafield ind1=" " ind2=" " tag="010"><subfield code="a">sn 83045449 </subfield></datafield><datafield ind1=" " ind2=" " tag="040"><subfield code="a">CRL</subfield><subfield code="b">eng</subfield><subfield code="c">CRL</subfield><subfield code="d">NPW</subfield><subfield code="d">MGN</subfield><subfield code="d">CRL</subfield><subfield code="d">OCLCQ</subfield><subfield code="d">OCLCF</subfield><subfield code="d">OCLCO</subfield><subfield code="d">OCL</subfield></datafield><datafield ind1=" " ind2=" " tag="042"><subfield code="a">msc</subfield></datafield><datafield ind1=" " ind2=" " tag="043"><subfield code="a">n-us-ma</subfield></datafield><datafield ind1="0" ind2=" " tag="130"><subfield code="a">Popular (New Bedford, Mass.)</subfield></datafield><datafield ind1="1" ind2="2" tag="245"><subfield code="a">O Popular.</subfield></datafield><datafield ind1=" " ind2=" " tag="260"><subfield code="a">New Bedford, Mass. :</subfield><subfield code="b">Polycarpo &amp; Costa</subfield></datafield><datafield ind1=" " ind2=" " tag="300"><subfield code="a">v.</subfield></datafield><datafield ind1=" " ind2=" " tag="310"><subfield code="a">Weekly</subfield></datafield><datafield ind1="1" ind2=" " tag="362"><subfield code="a">Began in 1913; ceased in 1931.</subfield></datafield><datafield ind1=" " ind2=" " tag="500"><subfield code="a">Editor: Frederico A. Costa.</subfield></datafield><datafield ind1=" " ind2=" " tag="530"><subfield code="a">Also issued on microfilm from Center for Research Libraries.</subfield></datafield><datafield ind1=" " ind2=" " tag="546"><subfield code="a">In Portuguese.</subfield></datafield><datafield ind1=" " ind2=" " tag="580"><subfield code="a">Published in various regional eds.</subfield></datafield><datafield ind1=" " ind2=" " tag="588"><subfield code="a">Description based on: Anno [i.e. Ano] 4, no. 184 (25 de out. de 1917).</subfield></datafield><datafield ind1=" " ind2=" " tag="588"><subfield code="a">Latest issue consulted: Anno 11, no. 523 (24 de abril de 1924).</subfield></datafield><datafield ind1=" " ind2="0" tag="650"><subfield code="a">Portuguese newspapers</subfield><subfield code="z">Massachusetts</subfield><subfield code="z">New Bedford.</subfield></datafield><datafield ind1=" " ind2="0" tag="651"><subfield code="a">New Bedford (Mass.)</subfield><subfield code="v">Newspapers.</subfield></datafield><datafield ind1=" " ind2="7" tag="650"><subfield code="a">Portuguese newspapers.</subfield><subfield code="2">fast</subfield><subfield code="0">(OCoLC)fst01072599</subfield></datafield><datafield ind1=" " ind2="7" tag="651"><subfield code="a">Massachusetts</subfield><subfield code="z">New Bedford.</subfield><subfield code="2">fast</subfield><subfield code="0">(OCoLC)fst01207803</subfield></datafield><datafield ind1=" " ind2="7" tag="655"><subfield code="a">Newspapers.</subfield><subfield code="2">fast</subfield><subfield code="0">(OCoLC)fst01423814</subfield></datafield><datafield ind1=" " ind2=" " tag="752"><subfield code="a">United States</subfield><subfield code="b">Massachusetts</subfield><subfield code="c">Bristol</subfield><subfield code="d">New Bedford.</subfield></datafield><datafield ind1="1" ind2=" " tag="029"><subfield code="a">AU@</subfield><subfield code="b">000025814042</subfield></datafield></record>